@article{blei2003latent,
    title={Latent dirichlet allocation},
    author={Blei, David M and Ng, Andrew Y and Jordan, Michael I},
    journal={the Journal of machine Learning research},
    volume={3},
    pages={993--1022},
    year={2003},
    publisher={JMLR. org}
}

@inproceedings{lin2010pet,
  title={PET: a statistical model for popular events tracking in social communities},
  author={Lin, Cindy Xide and Zhao, Bo and Mei, Qiaozhu and Han, Jiawei},
  booktitle={Proceedings of the 16th ACM SIGKDD international conference on Knowledge discovery and data mining},
  pages={929--938},
  year={2010},
  organization={ACM}
}

@incollection{zhao2011comparing,
  title={Comparing twitter and traditional media using topic models},
  author={Zhao, Wayne Xin and Jiang, Jing and Weng, Jianshu and He, Jing and Lim, Ee-Peng and Yan, Hongfei and Li, Xiaoming},
  booktitle={Advances in Information Retrieval},
  pages={338--349},
  year={2011},
  publisher={Springer}
}

@inproceedings{lee2011twitter,
  title={Twitter trending topic classification},
  author={Lee, Kathy and Palsetia, Diana and Narayanan, Ramanathan and Patwary, Md Mostofa Ali and Agrawal, Ankit and Choudhary, Alok},
  booktitle={Data Mining Workshops (ICDMW), 2011 IEEE 11th International Conference on},
  pages={251--258},
  year={2011},
  organization={IEEE}
}

@inproceedings{becker2010learning,
  title={Learning similarity metrics for event identification in social media},
  author={Becker, Hila and Naaman, Mor and Gravano, Luis},
  booktitle={Proceedings of the third ACM international conference on Web search and data mining},
  pages={291--300},
  year={2010},
  organization={ACM}
}

@inproceedings{sakaki2010earthquake,
  title={Earthquake shakes Twitter users: real-time event detection by social sensors},
  author={Sakaki, Takeshi and Okazaki, Makoto and Matsuo, Yutaka},
  booktitle={Proceedings of the 19th international conference on World wide web},
  pages={851--860},
  year={2010},
  organization={ACM}
}

@inproceedings{sankaranarayanan2009twitterstand,
  title={Twitterstand: news in tweets},
  author={Sankaranarayanan, Jagan and Samet, Hanan and Teitler, Benjamin E and Lieberman, Michael D and Sperling, Jon},
  booktitle={Proceedings of the 17th ACM SIGSPATIAL international conference on advances in geographic information systems},
  pages={42--51},
  year={2009},
  organization={ACM}
}

@article{becker2011beyond,
  title={Beyond Trending Topics: Real-World Event Identification on Twitter.},
  author={Becker, Hila and Naaman, Mor and Gravano, Luis},
  booktitle={ICWSM 11},
  pages={438--441},
  year={2011}
}

@inproceedings{hong2010empirical,
  title={Empirical study of topic modeling in twitter},
  author={Hong, Liangjie and Davison, Brian D},
  booktitle={Proceedings of the First Workshop on Social Media Analytics},
  pages={80--88},
  year={2010},
  organization={ACM}
}

@inproceedings{rosen2004author,
  title={The author-topic model for authors and documents},
  author={Rosen-Zvi, Michal and Griffiths, Thomas and Steyvers, Mark and Smyth, Padhraic},
  booktitle={Proceedings of the 20th conference on Uncertainty in artificial intelligence},
  pages={487--494},
  year={2004},
  organization={AUAI Press}
}

@inproceedings{mehrotra2013improving,
  title={Improving lda topic models for microblogs via tweet pooling and automatic labeling},
  author={Mehrotra, Rishabh and Sanner, Scott and Buntine, Wray and Xie, Lexing},
  booktitle={Proceedings of the 36th international ACM SIGIR conference on Research and development in information retrieval},
  pages={889--892},
  year={2013},
  organization={ACM}
}

@inproceedings{ramage2009labeled,
  title={Labeled LDA: A supervised topic model for credit attribution in multi-labeled corpora},
  author={Ramage, Daniel and Hall, David and Nallapati, Ramesh and Manning, Christopher D},
  booktitle={Proceedings of the 2009 Conference on Empirical Methods in Natural Language Processing: Volume 1-Volume 1},
  pages={248--256},
  year={2009},
  organization={Association for Computational Linguistics}
}

@article{ramage2010characterizing,
  title={Characterizing Microblogs with Topic Models.},
  author={Ramage, Daniel and Dumais, Susan T and Liebling, Daniel J},
  booktitle={ICWSM 11},
  year={2010}
}

@incollection{wang2013real,
  title={Real time event detection in twitter},
  author={Wang, Xun and Zhu, Feida and Jiang, Jing and Li, Sujian},
  booktitle={Web-Age Information Management},
  pages={502--513},
  year={2013},
  publisher={Springer}
}

@incollection{you2013geam,
  title={GEAM: A general and event-related aspects model for twitter event detection},
  author={You, Yue and Huang, Guangyan and Cao, Jian and Chen, Enhong and He, Jing and Zhang, Yanchun and Hu, Liang},
  booktitle={Web Information Systems Engineering--WISE 2013},
  pages={319--332},
  year={2013},
  publisher={Springer}
}

@inproceedings{asur2010predicting,
  title={Predicting the future with social media},
  author={Asur, Sitaram and Huberman, Bernardo A},
  booktitle={Web Intelligence and Intelligent Agent Technology (WI-IAT), 2010 IEEE/WIC/ACM International Conference on},
  volume={1},
  pages={492--499},
  year={2010},
  organization={IEEE}
}

@article{bollen2011twitter,
  title={Twitter mood predicts the stock market},
  author={Bollen, Johan and Mao, Huina and Zeng, Xiaojun},
  journal={Journal of Computational Science},
  volume={2},
  number={1},
  pages={1--8},
  year={2011},
  publisher={Elsevier}
}

@inproceedings{yang2014finding,
  title={Finding progression stages in time-evolving event sequences},
  author={Yang, Jaewon and McAuley, Julian and Leskovec, Jure and LePendu, Paea and Shah, Nigam},
  booktitle={Proceedings of the 23rd international conference on World wide web},
  pages={783--794},
  year={2014},
  organization={International World Wide Web Conferences Steering Committee}
}

@inproceedings{duygulu2004towards,
  title={Towards auto-documentary: Tracking the evolution of news stories},
  author={Duygulu, Pinar and Pan, Jia-Yu and Forsyth, David A},
  booktitle={Proceedings of the 12th annual ACM international conference on Multimedia},
  pages={820--827},
  year={2004},
  organization={ACM}
}

@article{yang2009discovering,
  title={Discovering event evolution graphs from news corpora},
  author={Yang, Christopher C and Shi, Xiaodong and Wei, Chih-Ping},
  journal={Systems, Man and Cybernetics, Part A: Systems and Humans, IEEE Transactions on},
  volume={39},
  number={4},
  pages={850--863},
  year={2009},
  publisher={IEEE}
}




@inproceedings{gerla,
    AUTHOR = {Brunella Gerla},
     TITLE = {Automata over {MV}-algebras},
 BOOKTITLE = {ISMVL '04: Proceedings of the 34th International Symposium on Multiple-Valued Logic},
      YEAR = {2004},
     PAGES = {49--54},
 publisher = {IEEE Computer Society},
   address = {Washington, DC, USA},
}

@article{m1,
    AUTHOR = {Andrews, K. and Rajiv, B.},
     TITLE = {On some applications of eigenvalues of Toeplitz matrices},
   JOURNAL = {Journal of Mathematical Analysis and Applications},
  FJOURNAL = {Journal of Mathematical Analysis and Applications},
    VOLUME = {56},
      YEAR = {2007},
    NUMBER = {2},
     PAGES = {237--239},
}

@article{chang,
    AUTHOR = {Chang, C. C.},
     TITLE = {Algebraic analysis of many valued logics},
   JOURNAL = {Transactions of American Mathematical Society},
  FJOURNAL = {Transactions of the American Mathematical Society},
    VOLUME = {88},
      YEAR = {1958},
     PAGES = {467--490},
}

@inproceedings{ritter2011named,
  title={Named entity recognition in tweets: an experimental study},
  author={Ritter, Alan and Clark, Sam and Etzioni, Oren and others},
  booktitle={Proceedings of the Conference on Empirical Methods in Natural Language Processing},
  pages={1524--1534},
  year={2011},
  organization={Association for Computational Linguistics}
}

